@article{JogLoh15,
  title={Information-theoretic bounds for exact recovery in weighted stochastic block models using the Renyi divergence},
  author={Jog, V. and Loh, P.},
  journal={arXiv preprint arXiv:1509.06418},
  year={2015}
}

@article{AminiEtal13,
  title={Pseudo-likelihood methods for community detection in large sparse networks},
  author={Amini, A. A. and Chen, A. and Bickel, P. J. and Levina, E. and others},
  journal={The Annals of Statistics},
  volume={41},
  number={4},
  pages={2097--2122},
  year={2013},
  publisher={Institute of Mathematical Statistics}
}

@article{BloEtal08,
  title={Fast unfolding of communities in large networks},
  author={Blondel, V. D. and Guillaume, J.-L. and Lambiotte, R. and Lefebvre, E.},
  journal={Journal of Statistical Mechanics: Theory and Experiment},
  volume={2008},
  number={10},
  pages={P10008},
  year={2008},
  publisher={IOP Publishing}
}

@article{RubSpo10,
title = "Complex network measures of brain connectivity: {U}ses and interpretations ",
journal = "NeuroImage ",
volume = "52",
number = "3",
pages = "1059--1069",
year = "2010",
note = "Computational Models of the Brain ",
author = "M. Rubinov and O. Sporns",
}

@article{BocEtal06,
  title={Complex networks: {S}tructure and dynamics},
  author={Boccaletti, S. and Latora, V. and Moreno, Y. and Chavez, M. and Hwang, D.-U.},
  journal={Physics reports},
  volume={424},
  number={4},
  pages={175--308},
  year={2006},
  publisher={Elsevier}
}

@article{BarEtal04,
  title={The architecture of complex weighted networks},
  author={Barrat, A. and Barthelemy, M. and Pastor-Satorras, R. and Vespignani, A.},
  journal={Proceedings of the National Academy of Sciences of the United States of America},
  volume={101},
  number={11},
  pages={3747--3752},
  year={2004},
  publisher={National Acad Sciences}
}

@article{Sad72,
  title={Sociometrics of {M}acaca mulatta: {I.} {L}inkages and cliques in grooming matrices},
  author={Sade, D.S.},
  journal={Folia Primatologica},
  volume={18},
  number={3--4},
  pages={196--223},
  year={1972},
  publisher={Karger Publishers}
}

@article{New04,
  title={Analysis of weighted networks},
  author={Newman, M. E. J.},
  journal={Physical Review E},
  volume={70},
  number={5},
  pages={056131},
  year={2004},
  publisher={APS}
}

@article{CheEtal15,
  title={Information Recovery from Pairwise Measurements: {A} {S}hannon-Theoretic Approach},
  author={Chen, Y. and Suh, C. and Goldsmith, A. J},
  journal={arXiv preprint arXiv:1504.01369},
  year={2015}
}

@article{DesEtal15,
  title={Asymptotic mutual information for the two-groups stochastic block model},
  author={Deshpande, Y. and Abbe, E. and Montanari, A.},
  journal={arXiv preprint arXiv:1507.08685},
  year={2015}
}

@inproceedings{yun2016optimal,
	  title={Optimal cluster recovery in the labeled stochastic block model},
	    author={Yun, S. and Proutiere, A.},
		  booktitle={Advances in Neural Information Processing Systems},
		    pages={965--973},
			  year={2016}
}

@article{gao2016community,
	  title={Community Detection in Degree-Corrected Block Models},
	    author={Gao, C. and Ma, Z. and Zhang, A. Y. and Zhou, H. H.},
		  journal={arXiv preprint arXiv:1607.06993},
		    year={2016}
}

@article{zhao2012consistency,
	  title={Consistency of community detection in networks under degree-corrected stochastic block models},
	    author={Zhao, Y. and Levina, E. and Zhu, J.},
		  journal={The Annals of Statistics},
		    volume={40},
			  number={4},
			    pages={2266--2292},
				  year={2012},
				    publisher={Institute of Mathematical Statistics}
}

@article{aicher2014learning,
	  title={Learning latent block structure in weighted networks},
	    author={Aicher, C. and Jacobs, A. Z. and Clauset, A.},
		  journal={Journal of Complex Networks},
		    pages={cnu026},
			  year={2014},
			    publisher={Oxford University Press}
}

@article{DecEtal11,
  title = {Asymptotic analysis of the stochastic block model for modular networks and its algorithmic applications},
  author = {Decelle, A. and Krzakala, F. and Moore, C. and Zdeborov\'a, L.},
  journal = {Phys. Rev. E},
  volume = {84},
  issue = {6},
  pages = {066106},
  numpages = {19},
  year = {2011},
  month = {Dec},
  publisher = {American Physical Society},
}

@inproceedings{Mas14,
 author = {Massouli{\'e}, L.},
 title = {Community Detection Thresholds and the Weak {R}amanujan Property},
 booktitle = {Proceedings of the 46th Annual ACM Symposium on Theory of Computing},
 series = {STOC '14},
 year = {2014},
 location = {New York, NY},
 pages = {694--703},
 numpages = {10},
 publisher = {ACM},
} 

@ARTICLE{MosEtal12,
   author = {{Mossel}, E. and {Neeman}, J. and {Sly}, A.},
    title = "{Stochastic Block Models and Reconstruction}",
    year = 2012,
  journal={arXiv preprint arXiv:1202.1499},
}

@article{MosEtal13,
  title={A proof of the block model threshold conjecture},
  author={Mossel, E. and Neeman, J. and Sly, A.},
  journal={arXiv preprint arXiv:1311.4115},
  year={2013}
}

@article{HarEtal76,
     title = {Social Structure from Multiple Networks: {I.} {B}lockmodels of Roles and Positions},
     author = {H. C. White and Boorman, S. A. and Breiger, R. L.},
     journal = {American Journal of Sociology},
     volume = {81},
     number = {4},
     jstor_formatteddate = {Jan., 1976},
     pages = {730--780},
     year = {1976},
     publisher = {The University of Chicago Press},
    }

@article{WasAnd87,
  title={Stochastic a posteriori blockmodels: {C}onstruction and assessment},
  author={Wasserman, S. and Anderson, C.},
  journal={Social Networks},
  volume={9},
  number={1},
  pages={1--36},
  year={1987},
  publisher={Elsevier}
}

@article{NewGir04,
  title={Finding and evaluating community structure in networks},
  author={Newman, M. E. J. and Girvan, M.},
  journal={Physical review E},
  volume={69},
  number={2},
  pages={026113},
  year={2004},
  publisher={APS}
}

@article{HarSha00,
title = "A clustering algorithm based on graph connectivity ",
journal = "Information Processing Letters ",
volume = "76",
number = "4--6",
pages = "175--181",
year = "2000",
author = "E. Hartuv and R. Shamir",
}

@article{ShiMal00,
 author = {Shi, J. and Malik, J.},
 title = {Normalized Cuts and Image Segmentation},
 journal = {IEEE Trans. Pattern Anal. Mach. Intell.},
 issue_date = {August 2000},
 volume = {22},
 number = {8},
 month = aug,
 year = {2000},
 pages = {888--905},
 numpages = {18},
 publisher = {IEEE Computer Society},
 address = {Washington, DC, USA},
}

@article{PriEtal00,
author = {Pritchard, J. K. and Stephens, M. and Donnelly, P.}, 
title = {Inference of Population Structure Using Multilocus Genotype Data},
volume = {155}, 
number = {2}, 
pages = {945--959}, 
year = {2000}, 
journal = {Genetics} 
}

@inproceedings{McS01,
  title={Spectral partitioning of random graphs},
  author={McSherry, F.},
  booktitle={Foundations of Computer Science, 2001. Proceedings. 42nd IEEE Symposium on},
  pages={529--537},
  year={2001},
  organization={IEEE}
}

@article{FieEtal85,
author = {S. E. Fienberg and M. M. Meyer and S. S. Wasserman},
title = {Statistical Analysis of Multiple Sociometric Relations},
journal = {Journal of the American Statistical Association},
volume = {80},
number = {389},
pages = {51--67},
year = {1985},
}


@article{HolEtal83,
title = "Stochastic blockmodels: {F}irst steps",
journal = "Social Networks",
volume = "5",
number = "2",
pages = "109--137",
year = "1983",
note = "",
author = "P. W. Holland and K. B. Laskey and S. Leinhardt",
}

@book{NewEtal06,
 author = {Newman, M. and Barabasi, A.-L. and Watts, D. J.},
 title = {The Structure and Dynamics of Networks: (Princeton Studies in Complexity)},
 year = {2006},
 publisher = {Princeton University Press},
 address = {Princeton, NJ, USA},
} 

@book{DavKle10,
 author = {D. Easley and J. Kleinberg},
 title = {Networks, Crowds, and Markets: Reasoning About a Highly Connected World},
 year = {2010},
 isbn = {0521195330, 9780521195331},
 publisher = {Cambridge University Press},
 address = {New York, NY, USA},
} 

@book{Jac10,
  title={Social and Economic Networks},
  author={Jackson, M. O.},
  year={2010},
  publisher={Princeton University Press}
}

@article{GolEtal10,
 author = {Goldenberg, A. and Zheng, A. X. and Fienberg, S. E. and Airoldi, E. M.},
 title = {A Survey of Statistical Network Models},
 journal = {Found. Trends Mach. Learn.},
 issue_date = {February 2010},
 volume = {2},
 number = {2},
 month = feb,
 year = {2010},
 issn = {1935-8237},
 pages = {129--233},
 publisher = {Now Publishers Inc.},
 address = {Hanover, MA, USA},
} 

@article{CheXu14,
  title={Statistical-computational tradeoffs in planted problems and submatrix localization with a growing number of clusters and submatrices},
  author={Chen, Y. and Xu, J.},
  journal={arXiv preprint arXiv:1402.1267},
  year={2014}
}

@article{HeiEtal12,
  title={Community detection in the labelled stochastic block model},
  author={Heimlicher, S. and Lelarge, M. and Massouli{\'e}, L.},
  journal={arXiv preprint arXiv:1209.2910},
  year={2012}
}

@inproceedings{LelEtal13,
  title={Reconstruction in the labeled stochastic block model},
  author={Lelarge, M. and Massouli{\'e}, L. and Xu, J.},
  booktitle={Information Theory Workshop (ITW), 2013 IEEE},
  pages={1--5},
  year={2013},
  organization={IEEE}
}

@article{AbbSan15,
  title={Community detection in general stochastic block models: {F}undamental limits and efficient recovery algorithms},
  author={Abbe, E. and Sandon, C.},
  journal={arXiv preprint arXiv:1503.00609},
  year={2015},
}

@incollection{AbbMon13,
year={2013},
booktitle={Approximation, Randomization, and Combinatorial Optimization. Algorithms and Techniques},
volume={8096},
series={Lecture Notes in Computer Science},
editor={Raghavendra, P. and Raskhodnikova, S. and Jansen, K. and Rolim, J. D. P.},
title={Conditional Random Fields, Planted Constraint Satisfaction and Entropy Concentration},
publisher={Springer Berlin Heidelberg},
author={Abbe, E. and Montanari, A.},
pages={332--346},
}

@article{HajEtal15,
  title={Achieving Exact Cluster Recovery Threshold via Semidefinite Programming: {E}xtensions},
  author={Hajek, B. and Wu, Y. and Xu, J.},
  journal={arXiv preprint arXiv:1502.07738},
  year={2015}
}

@article{HajEtal14,
  title={Achieving exact cluster recovery threshold via semidefinite programming},
  author={Hajek, B. and Wu, Y. and Xu, J.},
  journal={arXiv preprint arXiv:1412.6156},
  year={2014}
}

@article{GaoEtal15,
  author    = {C. Gao and
               Z. Ma and
               A. Y. Zhang and
               H. H. Zhou},
  title     = {Achieving Optimal Misclassification Proportion in Stochastic Block
               Model},
  year      = {2015},
  journal={arXiv preprint arXiv:1505.03772},
}

@article{MosEtal14,
  title={Consistency thresholds for binary symmetric block models},
  author={Mossel, E. and Neeman, J. and Sly, A.},
  journal={arXiv preprint arXiv:1407.1591},
  year={2014},
}

@article{AbbEtal14,
  title={Decoding binary node labels from censored edge measurements: {P}hase transition and efficient recovery},
  author={Abbe, E. and Bandeira, A. S. and Bracher, A. and Singer, A.},
  journal={IEEE Transactions on Network Science and Engineering},
  volume={1},
  number={1},
  pages={10--22},
  year={2014},
  publisher={IEEE}
}

@article{abbe2014exact,
  title={Exact recovery in the stochastic block model},
  author={Abbe, E. and Bandeira, A. S. and Hall, G.},
  journal={arXiv preprint arXiv:1405.3267},
  year={2014}
}

@article{zhangminimax,
  title={MINIMAX RATES OF COMMUNITY DETECTION IN STOCHASTIC BLOCK MODEL},
  author={Zhang, A. Y. and Zhou, H. H.},
    journal={arXiv preprint arXiv:1507.05313},
    year = 2015,
}

@article{van2014renyi,
  title={R{\'e}nyi divergence and Kullback-Leibler divergence},
  author={van Erven, T. and Harremo{\"e}s, P.},
  journal={IEEE Transactions on Information Theory},
  volume={60},
  number={7},
  pages={3797--3820},
  year={2014},
  publisher={IEEE}
}

@book{knapp2005basic,
  title={Basic real analysis},
  author={Knapp, A. W.},
  volume={10},
  year={2005},
  publisher={Springer Science \& Business Media}
}

@article{banuelos,
  author        = {R. Banuelos},
  title         = {Convolutions and approximation to the identity},
  publisher={Purdue University},
  note  = {Available online at \url{http://www.math.purdue.edu/~banuelos/ma544-05/lectures3.pdf}}
}
